<?xml version="1.0" encoding="UTF-8"?><collection xmlns="http://www.loc.gov/MARC21/slim"><record><leader>00425nam--2200133-i-4500</leader><controlfield tag="001">000045629</controlfield><controlfield tag="002">20161230</controlfield><controlfield tag="005">20161230201045</controlfield><controlfield tag="008">060222s1000------------r-----000-0-eng-d</controlfield><datafield ind1=" " ind2=" " tag="080"><subfield code="a">621.373(043)</subfield></datafield><datafield ind1=" " ind2=" " tag="100"><subfield code="a">Uchida, Teiji</subfield></datafield><datafield ind1=" " ind2=" " tag="245"><subfield code="a">Etude de l`oscillateur parametrique en vue de son application en spectroscopie hertzienne. proposition donnee par la faculte.these</subfield></datafield><datafield ind1=" " ind2=" " tag="260"><subfield code="a">Grenoble, Universite, 1962, 91p</subfield></datafield><datafield ind1=" " ind2=" " tag="852"><subfield code="a">78400</subfield></datafield></record></collection>